<record><leader>00000cas a22000007a 4500</leader><controlfield tag="001">12205913</controlfield><controlfield tag="008">850627d19401963iauwr ne      0    0eng d</controlfield><datafield ind1=" " ind2=" " tag="010"><subfield code="a">sn 85049654 </subfield></datafield><datafield ind1=" " ind2=" " tag="040"><subfield code="a">INP</subfield><subfield code="b">eng</subfield><subfield code="c">INP</subfield><subfield code="d">OCLCQ</subfield></datafield><datafield ind1=" " ind2=" " tag="042"><subfield code="a">msc</subfield></datafield><datafield ind1="0" ind2="4" tag="245"><subfield code="a">The Pioneer-press and Stanwood herald.</subfield></datafield><datafield ind1=" " ind2=" " tag="260"><subfield code="a">Mechanicsville, Iowa :</subfield><subfield code="b">Hugh Doty,</subfield><subfield code="c">1940-1963.</subfield></datafield><datafield ind1=" " ind2=" " tag="300"><subfield code="a">24 v. :</subfield><subfield code="b">ill. ;</subfield><subfield code="c">56 cm.</subfield></datafield><datafield ind1=" " ind2=" " tag="310"><subfield code="a">Weekly</subfield></datafield><datafield ind1="0" ind2=" " tag="362"><subfield code="a">Vol. 74, no. 27 (July 4, 1940) = v. 46, no. 36-v. 97, no. 43 (Apr. 25, 1963).</subfield></datafield><datafield ind1=" " ind2=" " tag="752"><subfield code="a">United States</subfield><subfield code="b">Iowa</subfield><subfield code="c">Cedar</subfield><subfield code="d">Mechanicsville.</subfield></datafield><datafield ind1=" " ind2=" " tag="752"><subfield code="a">United States</subfield><subfield code="b">Iowa</subfield><subfield code="c">Cedar</subfield><subfield code="d">Stanwood.</subfield></datafield><datafield ind1="0" ind2="4" tag="780"><subfield code="t">Pioneer-press (Mechanicsville, Iowa)</subfield><subfield code="w">(DLC)sn 85049652</subfield></datafield><datafield ind1="0" ind2="4" tag="780"><subfield code="t">Stanwood herald</subfield><subfield code="w">(DLC)sn 85049653</subfield></datafield><datafield ind1="0" ind2="7" tag="785"><subfield code="t">Clarence sun</subfield><subfield code="w">(DLC)sn 85049622</subfield></datafield><datafield ind1="0" ind2="7" tag="785"><subfield code="t">North Cedar press</subfield><subfield code="w">(DLC)sn 85049655</subfield></datafield></record>